@online{ website,
  title = {{Why IoT with ICN?}},
  howpublished = {\url{http://conferences2.sigcomm.org/acm-icn/2017/files/tutorial-ndn-ccnlite-riot/2-Why-ICN-for-IoT.pdf}},
}
@online{ website,
  title = {{ICN based Architecture for IoT}},
  howpublished = {\url{{https://tools.ietf.org/id/draft-zhang-icnrg-icniot-architecture-01.html}},
}

@online{ website,
  title = {Why Bother with ICN?},
  howpublished = {\url{{http://chris-wood.github.io/2016/02/05/Why-ICN.html}},
}

@article{basepaper,
  title={{A Secure ICN-IoT Architecture}},
  author={Sabrina Sicari, Alessandra Rizzardi, Luigi Alfredo Grieco, Alberto Coen-Porisini},
  journal={IEEE International Conference on Communications Workshops (ICC Workshops)},
  year={2017},
  publisher={IEEE}
  
}
@article{paper,
  title={{Do we need a holistic approach for the design of secure IoT
systems?}},
  author={Mauro Conti,Giorgio Di Natale,Annelie Heuser,Thomas Pöppelmann,Nele Mentens},
  journal={Proceedings of the Computing Frontiers Conference)},
  year={2017},
  publisher={CF'17}
} 

@article{sirspaper,
  title={{Information centric networking in the IoT: experiments with NDN in the wild}},
  author={Emmanuel Baccelli,Christian Mehlis,Oliver Hahm,Thomas C. Schmidt,Matthias Wählisch},
  journal={Proceedings of the 1st ACM Conference on Information-Centric Networking)},
  year={2014},
  publisher={ACM-ICN '14 }
} 
